@misc{Git_repo,
  author = {Elisabetta Ferri},
  title = {LabPh-Sim},
  year = {2024},
  publisher = {GitHub},
  journal = {GitHub repository},
  howpublished = {\url{https://github.com/elife00/LabPh-Sim.git}}
}

@book{photonics_book,
author = {Yariv, Amnon and Yeh, Pochi},
title = {Photonics: Optical Electronics in Modern Communications (The Oxford Series in Electrical and Computer Engineering)},
year = {2006},
isbn = {0195179463},
publisher = {Oxford University Press, Inc.},
address = {USA}
}